@inproceedings{young:2019:rg-exp-insights,
  author={Young, Jeffrey S. and Riedy, Jason and Conte, Thomas M. and Sarkar, Vivek and Chatarasi, Prasanth and Srikanth, Sriseshan},
  booktitle={2019 IEEE International Conference on Rebooting Computing (ICRC)},
  title={Experimental Insights from the Rogues Gallery},
  year={2019},
  pages={1-8},
  doi={10.1109/ICRC.2019.8914707},
  month={Nov}
}

@incollection{freivalds1979fast,
	title        = {Fast probabilistic algorithms},
	author       = {Freivalds, Rūsiņš},
	booktitle    = {International Symposium on Mathematical Foundations of Computer Science},
	publisher    = {Springer},
	pages        = {57--69},
	date         = {1979}
}

@article{ambainis2002quantummatrix,
	title        = {Quantum matrix verification},
	author       = {Ambainis, Andris and Buhrman, Harry and Høyer, Peter and Karpinski, Marek and Kurur, P},
	journaltitle = {Unpublished manuscript},
	date         = {2002}
}

@article{babbush2018encoding,
	title        = {Encoding electronic spectra in quantum circuits with linear T complexity},
	author       = {Babbush, Ryan and Gidney, Craig and Berry, Dominic W and Wiebe, Nathan and McClean, Jarrod and Paler, Alexandru and Fowler, Austin and Neven, Hartmut},
	year         = {2018},
	journal      = {Physical Review X},
	publisher    = {APS},
	volume       = {8},
	number       = {4},
	pages        = {041015}
}

@inproceedings{amy2017verified,
	title        = {Verified compilation of space-efficient reversible circuits},
	author       = {Amy, Matthew and Roetteler, Martin and Svore, Krysta M},
	year         = {2017},
	booktitle    = {International Conference on Computer Aided Verification},
	pages        = {3--21},
	organization = {Springer}
}

@inproceedings{green2013quipper,
  title={Quipper: a scalable quantum programming language},
  author={Green, Alexander S and Lumsdaine, Peter LeFanu and Ross, Neil J and Selinger, Peter and Valiron, Beno{\^\i}t},
  booktitle={Proceedings of the 34th ACM SIGPLAN conference on Programming language design and implementation},
  pages={333--342},
  year={2013}
}
